@incollection{Linville2009-LINTMA-2,
	editor = {William Lane Craig and J. P. Moreland},
	year = {2009},
	pages = {391--448},
	title = {The Moral Argument},
	booktitle = {The Blackwell Companion to Natural Theology},
	author = {Mark D. Linville},
	publisher = {Blackwell}
}


@book{Luscher.,
 author = {L{\"u}scher, Martin and Schneider, Max and Grigoleit, Andrea},
year = {2016}, 
title = {Evolutionsbiologie: Lerntext, Aufgaben mit L{\"o}sungen, Glossar und Zusammenfassungen},
 publisher = {{Compendio Bildungsmedien AG}}
}





@misc{Wikipedia.2021a,
 abstract = {In Philosophie, Logik sowie der sprachwissenschaftlichen Semantik dient der Begriff der m{\"o}glichen Welt dazu, die Bedeutung von modalen Aussagen zu erkl{\"a}ren, das hei{\ss}t von Aussagen, die ihren Gehalt mit Modalbegriffen wie {\glqq}m{\"o}glich{\grqq} und {\glqq}notwendig{\grqq} qualifizieren (siehe auch Modallogik sowie Modalit{\"a}t (Sprachwissenschaft)).

Um die Wahrheit einer modalen Aussage beurteilen zu k{\"o}nnen, reicht es nicht aus zu wissen, ob der ausgedr{\"u}ckte Sachverhalt tats{\"a}chlich vorliegt oder nicht:

Es ist m{\"o}glich, dass die Erde eine Scheibe ist.

Es ist notwendig, dass die Erde kugelf{\"o}rmig ist.Das Wissen, dass die Erde tats{\"a}chlich kugelf{\"o}rmig ist, gibt noch keinen Aufschluss dar{\"u}ber, ob (1) es m{\"o}glich w{\"a}re, dass die Erde eine andere Form h{\"a}tte; oder ob (2) es notwendig ist, dass die Erde Kugelgestalt hat, ob sie also gar nicht anders beschaffen sein k{\"o}nnte.

Als m{\"o}gliche Welt bezeichnet man eine die Logik achtende Vorstellung, wie die Realit{\"a}t beschaffen sein k{\"o}nnte -- also eine logisch konsistente Gesamtheit von Vorstellungen der m{\"o}glichen Sachverhalte. Eine M{\"o}glichkeitsaussage wird dann insgesamt als wahr bezeichnet, wenn sie in einer solchen Welt ({\glqq}in mindestens einer m{\"o}glichen Welt{\grqq}) erf{\"u}llt ist; eine Notwendigkeitsaussage wird als wahr bezeichnet, wenn sie in allen solchen Welten ({\glqq}in allen m{\"o}glichen Welten{\grqq}) erf{\"u}llt ist. Der modale Realismus, dessen bekanntester Vertreter im 20. Jahrhundert David K. Lewis sein d{\"u}rfte, fasst diese m{\"o}glichen Welten als zutreffende Vorstellungen von Parallelwelten auf.},
 editor = {Wikipedia},
 year = {2021},
 title = {M{\"o}gliche Welt},
 url = {https://de.wikipedia.org/w/index.php?title=Mögliche_Welt&oldid=212874141},
 urldate = {06.01.2022},
 file = {Wikipedia (Hg.) 2021 - Mögliche Welt:C\:\\Users\\zahnd\\Documents\\Citavi 6\\Projects\\test\\Citavi Attachments\\Wikipedia (Hg.) 2021 - Mögliche Welt.pdf:pdf}
}



@misc{Wikipedia.2021b,
 abstract = {Die Modallogik ist derjenige Zweig der Logik, der sich mit den Folgerungen um die Modalbegriffe m{\"o}glich und notwendig befasst. So lassen sich innerhalb der Modallogik nicht nur Aussagen wie {\glqq}Es regnet{\grqq} oder {\glqq}Alle Kreise sind rund{\grqq} analysieren, sondern auch Aussagen wie {\glqq}M{\"o}glicherweise regnet es{\grqq} und {\glqq}Notwendigerweise sind alle Kreise rund{\grqq}.},
 editor = {Wikipedia},
 year = {2021},
 title = {Modallogik},
 url = {https://de.wikipedia.org/w/index.php?title=Modallogik&oldid=218663284},
 urldate = {06.01.2022},
 file = {Wikipedia (Hg.) 2021 - Modallogik:C\:\\Users\\zahnd\\Documents\\Citavi 6\\Projects\\test\\Citavi Attachments\\Wikipedia (Hg.) 2021 - Modallogik.pdf:pdf}
}



@book{Joyce.2006,
 abstract = {A consideration of whether the human capacity to make moral judgments is innate and, if so, what implications follow; combines philosophical discussion with the latest findings from the empirical sciences.},
 author = {Joyce, Richard},
 year = {2006},
 title = {The evolution of morality},
 keywords = {BIOMEDICAL SCIENCES/Evolution;Ethics, Evolutionary;PHILOSOPHY/General},
 address = {Cambridge, Mass.},
 publisher = {{MIT Press}},
 isbn = {0262263254},
 series = {Life and mind},
 doi = {10.7551/mitpress/2880.001.0001}
}


@book{Dennett.1995,
 author = {Dennett, Daniel C.},
 year = {1995},
 title = {Darwin's dangerous idea: Evolution and the meanings of life},
 keywords = {Biologie;Denken;Ethik;Evolution;Evolutionstheorie;Informationsverarbeitung beim Menschen;Kognition;K{\"u}nstliche Intelligenz;Nat{\"u}rliche Selektion},
 address = {New York, NY},
 publisher = {{Simon {\&} Schuster}},
 isbn = {0684802902}
}




@book{Widenmeyer.2015,
 abstract = {Der Naturalismus gilt heute als die moderne, wissenschaftliche Weltsicht und vielerorts als Denkstandard. Ihm zufolge lie{\ss}e sich das Universum aus sich selbst heraus erkl{\"a}ren -- Gott w{\"a}re {\"u}berfl{\"u}ssig. Dazu m{\"u}sste sich aber die Ordnung des Universums aus Unordnung sowie Bewusstsein und Geist aus geistlosen Prozessen ableiten lassen. In diesem Buch weist der Autor nach, dass diese Sichtweise letztlich irrational ist, da sie unterschwellig an eine gleichsam magische, fast unbegrenzte Sch{\"o}pferkraft blinder, toter Materie appelliert. Zudem hat diese Weltsicht schwerwiegende Konsequenzen, weil hier eine objektive Moral, die Freiheit, W{\"u}rde und Wahrheitsf{\"a}higkeit des Menschen hinf{\"a}llig werden. Wahrheit und Moral werden damit letztlich zum Gegenstand politischer Deutungshoheit.},
 author = {Widenmeyer, Markus},
 year = {2015},
 title = {Welt ohne Gott? Eine kritische Analyse des Naturalismus},
 url = {http://nbn-resolving.org/urn:nbn:de:bsz:24-epflicht-1411964},
 address = {Holzgerlingen},
 edition = {1. Auflage},
 publisher = {{SCM H{\"a}nssler}},
 isbn = {978-3775156196},
 series = {Studium Integrale}
}


@book{Moreland.2014,
 abstract = {In a culture where science is believed to hold the answers to every question, spiritual realities like the soul are often ignored or ridiculed. We are told that neuroscience holds the key to explaining every aspect of human behavior. Yet Christian philosopher J. P. Moreland argues that Scripture, sound philosophical reasoning, and everyday experience all point to the reality of an immaterial soul. Countering the arguments of both naturalists and Christian scholars who embrace a material-only view of humanity, Moreland demonstrates why it is both biblical and reasonable to believe humans are essentially spiritual beings. He also describes the various components of the soul and how Christians can nurture their souls as disciples of Christ. Moreland shows that neuroscience and the soul are not competing explanations of human activity, but that both coexist and influence one another},
 author = {Moreland, James Porter},
 year = {2014},
 title = {The soul: How we know it's real and why it matters},
 url = {https://ebookcentral.proquest.com/lib/kxp/detail.action?docID=4904653},
 keywords = {Consciousness - Religious aspects - Christianity},
 address = {Chicago},
 publisher = {{Moody Publishers}},
 isbn = {9780802489845}
}


@book{WolfgangDetel.2014,
 author = {Detel, Wolfgang},
 year = {2014},
 title = {Grundkurs Philosophie: Band 2: Metaphysik und Naturphilosophie},
 price = {(kart. : EUR 5.00 (DE))},
 address = {Stuttgart},
 publisher = {Reclam},
 isbn = {9783150184691},
 series = {Reclams Universal-Bibliothek},
 file = {http://d-nb.info/1062623983/04}
}


@book{PatrickBlackburn.2007,
 abstract = {The Handbook of Modal Logic contains 20 articles, which collectively introduce contemporary modal logic, survey current research, and indicate the way in which the field is developing. The articles survey the field from a wide variety of perspectives: the underling theory is explored in depth, modern computational approaches are treated, and six major applications areas of modal logic (in Mathematics, Computer Science, Artificial Intelligence, Linguistics, Game Theory, and Philosophy) are surveyed. The book contains both well-written expository articles, suitable for beginners approaching the subject for the first time, and advanced articles, which will help those already familiar with the field to deepen their expertise. Please visit: http://people.uleth.ca/{\~{}}woods/RedSeriesPromo{\_}WP/PubSLPR.html - Compact modal logic reference - Computational approaches fully discussed - Contemporary applications of modal logic covered in depth},
 year = {2007},
 title = {Handbook of modal logic},
 url = {http://www.sciencedirect.com/science/bookseries/15702464/3},
 address = {Amsterdam and Boston},
 edition = {1st ed.},
 volume = {v. 3},
 publisher = {Elsevier},
 isbn = {978-0-444-51690-9},
 series = {Studies in logic and practical reasoning},
 editor = {{Patrick Blackburn} and {Johan Van Benthem} and {Frank Wolter}},
 file = {https://www.sciencedirect.com/science/bookseries/15702464/3},
 file = {https://zbmath.org/?q=an:1114.03001}
}




@book{Sober.1994,
 abstract = {Elliott Sober is one of the leading philosophers of science and is a former winner of the Lakatos Prize, the major award in the field. This new collection of essays will appeal to a readership that extends well beyond the frontiers of the philosophy of science. Sober shows how ideas in evolutionary biology bear in significant ways on traditional problems in philosophy of mind and language, epistemology, and metaphysics. Amongst the topics addressed are psychological egoism, solipsism, and the interpretation of belief and utterance, empiricism, Ockham's razor, causality, essentialism, and scientific laws. The collection will prove invaluable to a wide range of philosophers, primarily those working in the philosophy of science, the philosophy of mind, and epistemology},
 author = {Sober, Elliott},
 year = {1994},
 title = {From a biological point of view: Essays in evolutionary philosophy},
 keywords = {Biology;Empiricism;Essentialism (Philosophy);Ethics, Evolutionary;Evolution;Knowledge, Theory of;Philosophy;Philosophy of mind;Time},
 address = {Cambridge},
 publisher = {{Cambridge University Press}},
 isbn = {9780511624940},
 series = {Cambridge studies in philosophy and biology},
 doi = {10.1017/CBO9780511624940}
}


@misc{.20.12.2021,
 abstract = {Einf{\"u}hrung in die Logik mit {\"U}bungen},
 year = {20.12.2021},
 title = {Philosophie.ch - Eine kurze Einf{\"u}hrung in die Logik - mit {\"U}bungen},
 url = {https://www.philosophie.ch/artikel/eine-kurze-einfuehrung-in-die-logik-mit-uebungen},
 urldate = {20.12.2021}
}


@article{vanInwagen.1991,
 author = {{van Inwagen}, Peter},
 year = {1991},
 title = {The Problem of Evil, The Problem of Air, and the Problem of Silence},
 url = {https://philpapers.org/rec/VANTPO-3},
 pages = {135},
 volume = {5},
 journal = {Philosophical Perspectives},
 doi = {10.2307/2214093}
}


@article{TOOLEY.1981,
 author = {TOOLEY, MICHAEL},
 year = {1981},
 title = {Plantinga's Defence of the Ontological Argument},
 url = {https://philpapers.org/rec/TOOPDO},
 pages = {422--427},
 volume = {XC},
 number = {359},
 journal = {Mind},
 doi = {10.1093/mind/XC.359.422}
}


@book{Swinburne.2004,
 abstract = {Richard Swinburne presents a substantially rewritten and updated edition of his most celebrated book. No other work has made a more powerful case for the probability of the existence of God. Swinburne argues compellingly that the existence of the universe, its law-governed nature and fine-tuning, human consciousness and moral awareness, and evidence of miracles and religious experience, all taken together (and despite the occurrence of pain and suffering), make it likely that there is a God},
 author = {Swinburne, Richard},
 year = {2004},
 title = {The existence of God},
 url = {http://site.ebrary.com/lib/alltitles/docDetail.action?docID=10212178},
 keywords = {God;Proof;Theism},
 address = {Oxford and New York},
 edition = {2nd ed.},
 publisher = {{Oxford University Press}},
 isbn = {0199271682},
 institution = {{ebrary, Inc}},
 file = {http://search.ebscohost.com/login.aspx?direct=true&scope=site&db=nlebk&db=nlabk&AN=215583},
 file = {https://ebookcentral.proquest.com/lib/gbv/detail.action?docID=737533},
 file = {http://gbv.eblib.com/patron/FullRecord.aspx?p=737533}
}


@book{Sobel.2004,
 abstract = {Cover; Half-title; Title; Copyright; Dedication; Contents; Preface; DIVINITY; I 'God', 'god', and God; ARGUMENTS FOR THE EXISTENCE OF GOD; II Classical Ontological Arguments; III Modern Modal Ontological Arguments; IV Kurt Godel's Ontologischer Beweis; v First Causes; VI Ultimate Reasons; VII Look 'Round; VIII Clouds of Witnesses; ON TWO PARTS OF THE COMMON CONCEPTION; IX Romancing the Stone; X 'God Knows (Go Figure)'; ARGUMENTS AGAINST THE EXISTENCE OF GOD; XI Atheologies, Demonstrative and Evidential; XII The Logical Problem of Evil; PRACTICAL ARGUMENTS FOR AND AGAINST THEISTIC BELIEFS.



This is a wide-ranging book about arguments for and against beliefs in God. This book will be a valuable resource for philosophers of religion and theologians and will interest logicians and mathematicians as well},
 author = {Sobel, Jordan Howard},
 year = {2004},
 title = {Logic and theism: Arguments for and against beliefs in God},
 url = {https://search.ebscohost.com/login.aspx?direct=true&scope=site&db=nlebk&db=nlabk&AN=157939},
 keywords = {Atheismus;General;God;Godsbewijzen;Gottesbeweis;Logica;Proof;Religion;The{\"i}sme},
 address = {Cambridge and New York},
 publisher = {{Cambridge University Press}},
 isbn = {9780511184789}
}


@book{Ruffing.2006,
 author = {Ruffing, Reiner},
 year = {2006},
 title = {Philosophie},
 price = {kt. : Eur 15.90 (UTB, D)},
 address = {Paderborn},
 publisher = {Fink},
 isbn = {3770542991},
 file = {http://bvbr.bib-bvb.de:8991/F?func=service&doc_library=BVB01&doc_number=014900249&line_number=0001&func_code=DB_RECORDS&service_type=MEDIA},
 file = {http://d-nb.info/980019850/04},
 file = {http://deposit.dnb.de/cgi-bin/dokserv?id=2821214&prov=M&dok_var=1&dok_ext=htm}
}


@article{Rowe.1979,
 author = {Rowe, William L.},
 year = {1979},
 title = {The Problem of Evil and Some Varieties of Atheism},
 url = {http://www.jstor.org/stable/20009775},
 pages = {335--341},
 volume = {16},
 number = {4},
 issn = {00030481},
 journal = {American Philosophical Quarterly}
}


@book{Plantinga.1974,
 author = {Plantinga, Alvin},
 year = {1974},
 title = {The Nature of necessity},
 address = {Oxford},
 publisher = {{Clarendon Pr}},
 series = {(Clarendon Library of logic and philosophy)}
}


@book{Nagasawa.2011,
 abstract = {Does God exist? What are the various arguments that seek to prove the existence of God? Can atheists refute these arguments? The Existence of God: A Philosophical Introduction assesses classical and contemporary arguments concerning the existence of God:the ontological argument, introducing the nature of existence, possible worlds, parody objections, and the evolutionary origin of the concept of God the cosmological argument, discussing metaphysical paradoxes of infinity, scientific models of the universe, and philosophers' discussions about ultimate reality and the meaning of life the design},
 author = {Nagasawa, Yujin},
 year = {2011},
 title = {The existence of God: A philosophical introduction},
 url = {http://site.ebrary.com/lib/alltitles/docDetail.action?docID=10466442},
 keywords = {God;Natural theology;Proof},
 address = {Abingdon, Oxon and NY},
 publisher = {Routledge},
 isbn = {1283101025},
 institution = {{ebrary, Inc}},
 file = {http://gbv.eblib.com/patron/FullRecord.aspx?p=684027},
 file = {http://lib.myilibrary.com/detail.asp?id=310336},
 file = {http://search.ebscohost.com/login.aspx?direct=true&scope=site&db=nlebk&db=nlabk&AN=426622},
 file = {https://ebookcentral.proquest.com/lib/gbv/detail.action?docID=684027}
}


@article{Mawson.2009,
 author = {Mawson, Tim},
 year = {2009},
 title = {Morality and Religion},
 pages = {1033--1043},
 volume = {4},
 number = {6},
 issn = {17479991},
 journal = {Philosophy Compass},
 doi = {10.1111/j.1747-9991.2009.00244.x}
}


@book{MatthewA.Benton.2018,
 abstract = {Recent decades have seen a fertile period of theorizing within mainstream epistemology which has had a dramatic impact on how epistemology is done. Investigations into contextualist and pragmatic dimensions of knowledge ...},
 author = {{Matthew A. Benton} and {John Hawthorne} and {Dani Rabinowitz}},
 year = {2018},
 title = {Knowledge, Belief, and God: New Insights in Religious Epistemology},
 url = {https://philpapers.org/rec/BENKBA}
}


@book{Wuchterl.1998,
 abstract = {Der Autor f{\"u}hrt in die Philosophie ein, indem er zentrale philosophische Fragestellungen, Grundbegriffe, Methoden, Repr{\"a}sentanten und Einsichten aus Anthropologie, Wissenschaftstheorie, Ethik und Metaphysik darstellt. In einer didaktisch neuen Konzeption, die Texte nur sparsam verwendet und statt dessen auf eine zumutbare Lesbarkeit f{\"u}r den Anf{\"a}nger achtet, wird eine Synthese geboten aus systematischer Explikation wissenschaftsorientierter Philosophie, aus der Vermittlung von Traditionen und aus kritischen Elementen eines allgemein dialogischen Verst{\"a}ndigungsprozesses.},
 author = {Wuchterl, Kurt},
 year = {1998},
 title = {Lehrbuch der Philosophie: Probleme, Grundbegriffe, Einsichten},
 price = {DM 28.80, ca. S 188.00, ca. sfr 24.00 (kart.)},
 address = {Bern and Stuttgart},
 edition = {5., aktualisierte Aufl.},
 volume = {1320},
 publisher = {Haupt},
 isbn = {3258057184},
 series = {UTB f{\"u}r Wissenschaft Uni-Taschenb{\"u}cher},
 file = {http://ecx.images-amazon.com/images/I/4106F765X3L._SL500_AA240_.jpg}
}


@article{MACKIE.1955,
 author = {MACKIE, J. L.},
 year = {1955},
 title = {IV.---EVIL AND OMNIPOTENCE},
 pages = {200--212},
 volume = {LXIV},
 number = {254},
 journal = {Mind},
 doi = {10.1093/mind/LXIV.254.200}
}


@book{LePoidevin.1996,
 abstract = {Instead of simply defending a denial of God's existence Le Poidevin presents instead a way of interpreting religious discourse which allows us to make sense of the role of religion in our spiritual and moral lives},
 author = {{Le Poidevin}, Robin},
 year = {1996},
 title = {Arguing for atheism: An introduction to the philosophy of religion},
 url = {http://site.ebrary.com/lib/academiccompletetitles/home.action},
 keywords = {Atheism;Philosophy;Religion},
 address = {London and New York},
 publisher = {Routledge},
 isbn = {0415093384},
 institution = {{ebrary, Inc}},
 file = {http://site.ebrary.com/lib/alltitles/docDetail.action?docID=10017108},
 file = {http://search.ebscohost.com/login.aspx?direct=true&scope=site&db=nlebk&db=nlabk&AN=93439},
 file = {https://ebookcentral.proquest.com/lib/gbv/detail.action?docID=179408},
 file = {http://gbv.eblib.com/patron/FullRecord.aspx?p=179408}
}


@book{JonasWerner.2021,
 author = {{Jonas Werner}},
 year = {2021},
 title = {G{\"o}dels Ontologischer Gottesbeweis: Eine sehr kurze Einf{\"u}hrung},
 address = {Bern},
 publisher = {{Universit{\"a}t Bern}}
}


@book{JohnHawthorne.2018,
 author = {{John Hawthorne} and {Yoaav Isaacs}},
 year = {2018},
 title = {Fine-Tuning Fine-Tuning},
 url = {https://philpapers.org/rec/HAWFF-2}
}


@book{Molchanov.2017,
 author = {Molchanov, Ilya},
 year = {2017},
 title = {Kombinatorik und Wahrscheinlichkeitsrechnung: Skript zur Vorlesung},
 address = {Bern},
 publisher = {{Universit{\"a}t Bern}}
}


@book{Hacking.2001,
 author = {Hacking, Ian},
 year = {2001},
 title = {An introduction to probability and inductive logic},
 address = {Cambridge},
 publisher = {{Cambridge Univ. Press}},
 isbn = {0521772877},
 file = {http://zbmath.org/?q=an:1006.03001}
}


@book{GeorgeMetcalfe.2018,
 author = {Metcalfe, George},
 year = {2018},
 title = {Mathematical logic and model theory: Lecture notes},
 address = {Universit{\"a}t Bern}
}


@book{Craig.2011,
 year = {2011},
 title = {The Blackwell Companion to Natural Theology},
 price = {Pb. : ca. EUR 34.90 (DE) (freier Pr.)},
 address = {New York, NY},
 edition = {1., Auflage},
 publisher = {{Wiley, J}},
 isbn = {1444350854},
 editor = {Craig, William Lane and Moreland, J. P.},
 file = {http://d-nb.info/1015587097},
 file = {http://deposit.dnb.de/cgi-bin/dokserv?id=3887856&prov=M&dok_var=1&dok_ext=htm}
}


@book{Craig.2017,
 author = {Craig, William Lane},
 year = {2017},
 title = {Theo:logisch: Warum der christliche Glaube vern{\"u}nftig ist},
 price = {Broschur : EUR 14.90 (DE), EUR 15.40 (AT)},
 keywords = {Apologetik;Glaube;Gottesfrage;Philosophie;Religion;Vernunft},
 address = {Neuried b. M{\"u}nchen},
 edition = {1. Auflage},
 publisher = {cvmd},
 isbn = {3981772911},
 file = {https://d-nb.info/1125033177/04},
 file = {http://d-nb.info/1125033177}
}


@book{Craig.2015,
 abstract = {This one-stop faith manual helps young readers understand more about what they believe--and why--and gives them the tools they need to answer life's deepest questions



This one-stop faith manual helps young readers understand more about what they believe and why-and gives them the tools they need to answer life's deepest questions},
 author = {Craig, William Lane},
 year = {2015},
 title = {On guard for students: A thinker's guide to the Christian faith},
 url = {http://search.ebscohost.com/login.aspx?direct=true&scope=site&db=nlebk&AN=1003412},
 keywords = {Apologetics;Faith and reason;Study and teaching},
 address = {Colorado Springs},
 publisher = {{David C. Cook}},
 isbn = {9780781413299},
 file = {https://ebookcentral.proquest.com/lib/gbv/detail.action?docID=4088586},
 file = {http://gbv.eblib.com/patron/FullRecord.aspx?p=4088586}
}


@book{Craig.2009,
 abstract = {An excellent choice for a rational and systematic defense of Christianity, this expanded edition covers the existence of God, the problem of miracles, the claims of Christ, and other topics},
 author = {Craig, William Lane},
 year = {2009},
 title = {Reasonable faith: Christian truth and apologetics},
 url = {http://gbv.eblib.com/patron/FullRecord.aspx?p=355122},
 address = {Wheaton},
 edition = {3rd ed.},
 publisher = {{Good News Publishers/Crossway Books}},
 isbn = {9781433501159},
 file = {https://ebookcentral.proquest.com/lib/gbv/detail.action?docID=355122}
}


@book{LutzBachmann.2013,
 abstract = {Verlagsinfo: Der abschliessende Band der Reihe behandelt die Ethik, also die Frage: ?Was sollen wir tun?? In drei Hauptkapiteln wird an das Thema herangef{\"u}hrt. Ein Epilog behandelt die entscheidende Frage: ?Warum moralisch sein?? In seinem bew{\"a}hrten Aufbau aus Erl{\"a}uterungen, zusammenfassenden Abschnitten und {\"U}bungsaufgaben f{\"u}hrt der Band in das Thema ein, nicht prim{\"a}r, um ethische Grundpositionen darzustellen, sondern um den Leser einzuladen, die hier vorgelegten {\"U}berlegungen und Vorschl{\"a}ge nachzuvollziehen und sich selbst auf die Spur der philosophischen Arbeit zu begeben},
 author = {Lutz-Bachmann, Matthias},
 year = {2013},
 title = {Grundkurs Philosophie},
 price = {kart. : EUR 6.00 (DE)},
 address = {Stuttgart},
 volume = {Nr. 18474},
 publisher = {Reclam},
 isbn = {9783150184745},
 series = {Reclams Universal-Bibliothek},
 file = {http://deposit.dnb.de/cgi-bin/dokserv?id=4211071&prov=M&dok_var=1&dok_ext=htm},
 file = {https://d-nb.info/1028889534/04}
}


@article{ZANGWILL.2012,
 author = {ZANGWILL, NICK},
 year = {2012},
 title = {A way out of the Euthyphro dilemma},
 pages = {7--13},
 volume = {48},
 number = {1},
 issn = {0034-4125},
 journal = {Religious Studies},
 doi = {10.1017/S0034412510000752}
}


